<?xml version="1.0" encoding="UTF-8"?><collection xmlns="http://www.loc.gov/MARC21/slim"><record><leader>00457nam--2200157-i-4500</leader><controlfield tag="001">000030002</controlfield><controlfield tag="002">20161230</controlfield><controlfield tag="005">20161230201038</controlfield><controlfield tag="008">060222s1000------------r-----000-0-eng-d</controlfield><datafield ind1=" " ind2=" " tag="080"><subfield code="a">512.9</subfield></datafield><datafield ind1=" " ind2=" " tag="100"><subfield code="a">Lass, Harry</subfield></datafield><datafield ind1=" " ind2=" " tag="245"><subfield code="a">Vector and tensor analysis</subfield></datafield><datafield ind1=" " ind2=" " tag="260"><subfield code="a">New York, Mcgraw-hill Bool Co., Inc., 1950, Xi + 347p</subfield></datafield><datafield ind1=" " ind2=" " tag="490"><subfield code="a">International Series In Pure And Applied Mathematics</subfield></datafield><datafield ind1=" " ind2=" " tag="852"><subfield code="a">27437</subfield><subfield code="c">512.94:512.972</subfield></datafield><datafield ind1=" " ind2=" " tag="CAT"><subfield code="a">Sys</subfield><subfield code="c">20080526</subfield><subfield code="h">105532</subfield></datafield></record></collection>